@inproceedings{antoniol2008bug,
  title={Is it a bug or an enhancement?: a text-based approach to classify change requests},
  author={Antoniol, Giuliano and Ayari, Kamel and Di Penta, Massimiliano and Khomh, Foutse and Gu{\'e}h{\'e}neuc, Yann-Ga{\"e}l},
  booktitle={Proceedings of the 2008 conference of the center for advanced studies on collaborative research: meeting of minds},
  pages={23},
  year={2008},
  organization={ACM}
}

@article{e1994candidate,
	title={Candidate metrics for object-oriented software within a taxonomy framework},
	author={e Abreu, Fernando Brito and Carapu{\c{c}}a, Rog{\'e}rio},
	journal={Journal of Systems and Software},
	volume={26},
	number={1},
	pages={87--96},
	year={1994},
	publisher={Elsevier}
}

@inproceedings{kochhar2016large,
	title={A Large Scale Study of Multiple Programming Languages and Code Quality},
	author={Kochhar, Pavneet Singh and Wijedasa, Dinusha and Lo, David},
	booktitle={Software Analysis, Evolution, and Reengineering (SANER), 2016 IEEE 23rd International Conference on},
	volume={1},
	pages={563--573},
	year={2016},
	organization={IEEE}
}

@inproceedings{ray2014large,
	title={A large scale study of programming languages and code quality in github},
	author={Ray, Baishakhi and Posnett, Daryl and Filkov, Vladimir and Devanbu, Premkumar},
	booktitle={Proceedings of the 22nd ACM SIGSOFT International Symposium on Foundations of Software Engineering},
	pages={155--165},
	year={2014},
	organization={ACM}
}

@article{kingma2014adam,
	title={Adam: A method for stochastic optimization},
	author={Kingma, Diederik and Ba, Jimmy},
	journal={arXiv preprint arXiv:1412.6980},
	year={2014}
}

@article{zhou2006training,
	title={Training cost-sensitive neural networks with methods addressing the class imbalance problem},
	author={Zhou, Zhi-Hua and Liu, Xu-Ying},
	journal={IEEE Transactions on Knowledge and Data Engineering},
	volume={18},
	number={1},
	pages={63--77},
	year={2006},
	publisher={IEEE}
}

@article{wang2013using,
	title={Using class imbalance learning for software defect prediction},
	author={Wang, Shuo and Yao, Xin},
	journal={IEEE Transactions on Reliability},
	volume={62},
	number={2},
	pages={434--443},
	year={2013},
	publisher={IEEE}
}

@inproceedings{khoshgoftaar2010attribute,
	title={Attribute selection and imbalanced data: Problems in software defect prediction},
	author={Khoshgoftaar, Taghi M and Gao, Kehan and Seliya, Naeem},
	booktitle={Tools with Artificial Intelligence (ICTAI), 2010 22nd IEEE International Conference on},
	volume={1},
	pages={137--144},
	year={2010},
	organization={IEEE}
}

@article{ng2011sparse,
	title={Sparse autoencoder},
	author={Ng, Andrew},
	journal={CS294A Lecture notes},
	volume={72},
	number={2011},
	pages={1--19},
	year={2011}
}

@inproceedings{fischer2003populating,
	title={Populating a release history database from version control and bug tracking systems},
	author={Fischer, Michael and Pinzger, Martin and Gall, Harald},
	booktitle={Software Maintenance, 2003. ICSM 2003. Proceedings. International Conference on},
	pages={23--32},
	year={2003},
	organization={IEEE}
}

@article{neamtiu2005understanding,
	title={Understanding source code evolution using abstract syntax tree matching},
	author={Neamtiu, Iulian and Foster, Jeffrey S and Hicks, Michael},
	journal={ACM SIGSOFT Software Engineering Notes},
	volume={30},
	number={4},
	pages={1--5},
	year={2005},
	publisher={ACM}
}

@article{bishop2006pattern,
	title={Pattern recognition},
	author={Bishop, Christopher M},
	journal={Machine Learning},
	volume={128},
	pages={1--58},
	year={2006}
}

@inproceedings{wang2016automatically,
	title={Automatically learning semantic features for defect prediction},
	author={Wang, Song and Liu, Taiyue and Tan, Lin},
	booktitle={Proceedings of the 38th International Conference on Software Engineering},
	pages={297--308},
	year={2016},
	organization={ACM}
}

@inproceedings{yang2015deep,
	title={Deep learning for just-in-time defect prediction},
	author={Yang, Xinli and Lo, David and Xia, Xin and Zhang, Yun and Sun, Jianling},
	booktitle={Software Quality, Reliability and Security (QRS), 2015 IEEE International Conference on},
	pages={17--26},
	year={2015},
	organization={IEEE}
}

@article{hinton2009deep,
	title={Deep belief networks},
	author={Hinton, Geoffrey E},
	journal={Scholarpedia},
	volume={4},
	number={5},
	pages={5947},
	year={2009}
}

@inproceedings{yuan2014droid,
	title={Droid-sec: deep learning in android malware detection},
	author={Yuan, Zhenlong and Lu, Yongqiang and Wang, Zhaoguo and Xue, Yibo},
	booktitle={ACM SIGCOMM Computer Communication Review},
	volume={44},
	number={4},
	pages={371--372},
	year={2014},
	organization={ACM}
}

@inproceedings{pascanu2015malware,
	title={Malware classification with recurrent networks},
	author={Pascanu, Razvan and Stokes, Jack W and Sanossian, Hermineh and Marinescu, Mady and Thomas, Anil},
	booktitle={Acoustics, Speech and Signal Processing (ICASSP), 2015 IEEE International Conference on},
	pages={1916--1920},
	year={2015},
	organization={IEEE}
}

@article{mou2014tbcnn,
	title={TBCNN: A tree-based convolutional neural network for programming language processing},
	author={Mou, Lili and Li, Ge and Jin, Zhi and Zhang, Lu and Wang, Tao},
	journal={CoRR, abs/1409.5718},
	year={2014},
	publisher={Citeseer}
}

@inproceedings{mikolov2010recurrent,
	title={Recurrent neural network based language model.},
	author={Mikolov, Tomas and Karafi{\'a}t, Martin and Burget, Lukas and Cernock{\`y}, Jan and Khudanpur, Sanjeev},
	booktitle={Interspeech},
	volume={2},
	pages={3},
	year={2010}
}

@article{pan2002maximum,
	title={Maximum likelihood estimation},
	author={Pan, Jian-Xin and Fang, Kai-Tai},
	journal={Growth Curve Models and Statistical Diagnostics},
	pages={77--158},
	year={2002},
	publisher={Springer}
}

@book{vapnik1998statistical,
	title={Statistical learning theory},
	author={Vapnik, Vladimir Naumovich and Vapnik, Vlamimir},
	volume={1},
	year={1998},
	publisher={Wiley New York}
}

@book{hosmer2013applied,
	title={Applied logistic regression},
	author={Hosmer Jr, David W and Lemeshow, Stanley and Sturdivant, Rodney X},
	volume={398},
	year={2013},
	publisher={John Wiley \& Sons}
}

@article{safavian1991survey,
	title={A survey of decision tree classifier methodology},
	author={Safavian, S Rasoul and Landgrebe, David},
	journal={IEEE transactions on systems, man, and cybernetics},
	volume={21},
	number={3},
	pages={660--674},
	year={1991},
	publisher={IEEE}
}

@inproceedings{raychev2014code,
	title={Code completion with statistical language models},
	author={Raychev, Veselin and Vechev, Martin and Yahav, Eran},
	booktitle={ACM SIGPLAN Notices},
	volume={49},
	number={6},
	pages={419--428},
	year={2014},
	organization={ACM}
}

@inproceedings{zhou2012should,
	title={Where should the bugs be fixed?-more accurate information retrieval-based bug localization based on bug reports},
	author={Zhou, Jian and Zhang, Hongyu and Lo, David},
	booktitle={Proceedings of the 34th International Conference on Software Engineering},
	pages={14--24},
	year={2012},
	organization={IEEE Press}
}

@article{hecht1988theory,
	title={Theory of the backpropagation neural network.},
	author={Hecht-Nielsen, Robert and others},
	journal={Neural Networks},
	volume={1},
	number={Supplement-1},
	pages={445--448},
	year={1988}
}

@inproceedings{lam2015combining,
	title={Combining deep learning with information retrieval to localize buggy files for bug reports (n)},
	author={Lam, An Ngoc and Nguyen, Anh Tuan and Nguyen, Hoan Anh and Nguyen, Tien N},
	booktitle={Automated Software Engineering (ASE), 2015 30th IEEE/ACM International Conference on},
	pages={476--481},
	year={2015},
	organization={IEEE}
}

@inproceedings{jing2014dictionary,
	title={Dictionary learning based software defect prediction},
	author={Jing, Xiao-Yuan and Ying, Shi and Zhang, Zhi-Wu and Wu, Shan-Shan and Liu, Jin},
	booktitle={Proceedings of the 36th International Conference on Software Engineering},
	pages={414--423},
	year={2014},
	organization={ACM}
}

@inproceedings{khoshgoftaar2002tree,
	title={Tree-based software quality estimation models for fault prediction},
	author={Khoshgoftaar, Taghi M and Seliya, Naeem},
	booktitle={Software Metrics, 2002. Proceedings. Eighth IEEE Symposium on},
	pages={203--214},
	year={2002},
	organization={IEEE}
}

@article{mcabeebayesian,
	title={Bayesian-Belief Network Model},
	author={McAbee, Kevin T and Nibbelink, Nathan P and Johnson, Trisha D and Mattingly, Hayden T},
	publisher={JSTOR}
}

@inproceedings{amasaki2003bayesian,
	title={A bayesian belief network for assessing the likelihood of fault content},
	author={Amasaki, Sousuke and Takagi, Yasunari and Mizuno, Osamu and Kikuno, Tohru},
	booktitle={Software Reliability Engineering, 2003. ISSRE 2003. 14th International Symposium on},
	pages={215--226},
	year={2003},
	organization={IEEE}
}

@article{suykens1999least,
	title={Least squares support vector machine classifiers},
	author={Suykens, Johan AK and Vandewalle, Joos},
	journal={Neural processing letters},
	volume={9},
	number={3},
	pages={293--300},
	year={1999},
	publisher={Springer}
}

@article{elish2008predicting,
	title={Predicting defect-prone software modules using support vector machines},
	author={Elish, Karim O and Elish, Mahmoud O},
	journal={Journal of Systems and Software},
	volume={81},
	number={5},
	pages={649--660},
	year={2008},
	publisher={Elsevier}
}

@inproceedings{lee2011micro,
	title={Micro interaction metrics for defect prediction},
	author={Lee, Taek and Nam, Jaechang and Han, DongGyun and Kim, Sunghun and In, Hoh Peter},
	booktitle={Proceedings of the 19th ACM SIGSOFT symposium and the 13th European conference on Foundations of software engineering},
	pages={311--321},
	year={2011},
	organization={ACM}
}

@inproceedings{moser2008comparative,
	title={A comparative analysis of the efficiency of change metrics and static code attributes for defect prediction},
	author={Moser, Raimund and Pedrycz, Witold and Succi, Giancarlo},
	booktitle={Proceedings of the 30th international conference on Software engineering},
	pages={181--190},
	year={2008},
	organization={ACM}
}

@article{harrison1998evaluation,
	title={An evaluation of the MOOD set of object-oriented software metrics},
	author={Harrison, Rachel and Counsell, Steve J and Nithi, Reuben V},
	journal={IEEE Transactions on Software Engineering},
	volume={24},
	number={6},
	pages={491--496},
	year={1998},
	publisher={IEEE}
}

@article{chidamber1994metrics,
	title={A metrics suite for object oriented design},
	author={Chidamber, Shyam R and Kemerer, Chris F},
	journal={IEEE Transactions on software engineering},
	volume={20},
	number={6},
	pages={476--493},
	year={1994},
	publisher={IEEE}
}

@article{mccabe1976complexity,
	title={A complexity measure},
	author={McCabe, Thomas J},
	journal={IEEE Transactions on software Engineering},
	number={4},
	pages={308--320},
	year={1976},
	publisher={IEEE}
}

@inproceedings{wang2012compressed,
	title={Compressed c4. 5 models for software defect prediction},
	author={Wang, Jun and Shen, Beijun and Chen, Yuting},
	booktitle={Quality Software (QSIC), 2012 12th International Conference on},
	pages={13--16},
	year={2012},
	organization={IEEE}
}

@inproceedings{nguyen2011topic,
	title={Topic-based defect prediction (nier track)},
	author={Nguyen, Tung Thanh and Nguyen, Tien N and Phuong, Tu Minh},
	booktitle={Proceedings of the 33rd international conference on software engineering},
	pages={932--935},
	year={2011},
	organization={ACM}
}

@inproceedings{nagappan2007using,
	title={Using software dependencies and churn metrics to predict field failures: An empirical case study},
	author={Nagappan, Nachiappan and Ball, Thomas},
	booktitle={Empirical Software Engineering and Measurement, 2007. ESEM 2007. First International Symposium on},
	pages={364--373},
	year={2007},
	organization={IEEE}
}

@book{manning2008introduction,
	title={Introduction to information retrieval},
	author={Manning, Christopher D and Raghavan, Prabhakar and Sch{\"u}tze, Hinrich and others},
	volume={1},
	number={1},
	year={2008},
	publisher={Cambridge university press Cambridge}
}

@inproceedings{nam2013transfer,
	title={Transfer defect learning},
	author={Nam, Jaechang and Pan, Sinno Jialin and Kim, Sunghun},
	booktitle={Proceedings of the 2013 International Conference on Software Engineering},
	pages={382--391},
	year={2013},
	organization={IEEE Press}
}

@article{menzies2010defect,
	title={Defect prediction from static code features: current results, limitations, new approaches},
	author={Menzies, Tim and Milton, Zach and Turhan, Burak and Cukic, Bojan and Jiang, Yue and Bener, Ay{\c{s}}e},
	journal={Automated Software Engineering},
	volume={17},
	number={4},
	pages={375--407},
	year={2010},
	publisher={Springer}
}

@article{menzies2007data,
	title={Data mining static code attributes to learn defect predictors},
	author={Menzies, Tim and Greenwald, Jeremy and Frank, Art},
	journal={IEEE transactions on software engineering},
	volume={33},
	number={1},
	year={2007},
	publisher={IEEE}
}

@inproceedings{zimmermann2007predicting,
	title={Predicting defects for eclipse},
	author={Zimmermann, Thomas and Premraj, Rahul and Zeller, Andreas},
	booktitle={Proceedings of the third international workshop on predictor models in software engineering},
	pages={9},
	year={2007},
	organization={IEEE Computer Society}
}

@inproceedings{jiang2013personalized,
	title={Personalized defect prediction},
	author={Jiang, Tian and Tan, Lin and Kim, Sunghun},
	booktitle={Automated Software Engineering (ASE), 2013 IEEE/ACM 28th International Conference on},
	pages={279--289},
	year={2013},
	organization={IEEE}
}

@inproceedings{hassan2009predicting,
	title={Predicting faults using the complexity of code changes},
	author={Hassan, Ahmed E},
	booktitle={Proceedings of the 31st International Conference on Software Engineering},
	pages={78--88},
	year={2009},
	organization={IEEE Computer Society}
}

@inproceedings{Sisman:2012:IVH:2664446.2664454,
	author = {Sisman, Bunyamin and Kak, Avinash C.},
	title = {Incorporating Version Histories in Information Retrieval Based Bug Localization},
	booktitle = {Proceedings of the 9th IEEE Working Conference on Mining Software Repositories},
	series = {MSR '12},
	year = {2012},
	isbn = {978-1-4673-1761-0},
	location = {Zurich, Switzerland},
	pages = {50--59},
	numpages = {10},
	url = {http://dl.acm.org/citation.cfm?id=2664446.2664454},
	acmid = {2664454},
	publisher = {IEEE Press},
	address = {Piscataway, NJ, USA},
	keywords = {bug localization, document priors, information retrieval, software maintenance},
} 

@article{Poshyvanyk:10.1109/TSE.2011.84,
	author = {Denys Poshyvanyk, and Mark Grechanik, and Collin McMillan, and Chen Fu, and Qing Xie, },
	title = {Exemplar: A Source Code Search Engine for Finding Highly Relevant Applications},
	journal = {IEEE Transactions on Software Engineering},
	volume = {38},
	number = {},
	issn = {0098-5589},
	year = {2012},
	pages = {1069-1087},
	doi = {doi.ieeecomputersociety.org/10.1109/TSE.2011.84},
	publisher = {IEEE Computer Society},
	address = {Los Alamitos, CA, USA},
}

@inproceedings{Arnaoudova:2015:UTR:2819009.2819224,
	author = {Arnaoudova, Venera and Haiduc, Sonia and Marcus, Andrian and Antoniol, Giuliano},
	title = {The Use of Text Retrieval and Natural Language Processing in Software Engineering},
	booktitle = {Proceedings of the 37th International Conference on Software Engineering - Volume 2},
	series = {ICSE '15},
	year = {2015},
	location = {Florence, Italy},
	pages = {949--950},
	numpages = {2},
	url = {http://dl.acm.org/citation.cfm?id=2819009.2819224},
	acmid = {2819224},
	publisher = {IEEE Press},
	address = {Piscataway, NJ, USA},
	keywords = {natural language processing, text retrieval},
} 

@inproceedings{Haiduc:2013:AQR:2486788.2486898,
	author = {Haiduc, Sonia and Bavota, Gabriele and Marcus, Andrian and Oliveto, Rocco and De Lucia, Andrea and Menzies, Tim},
	title = {Automatic Query Reformulations for Text Retrieval in Software Engineering},
	booktitle = {Proceedings of the 2013 International Conference on Software Engineering},
	series = {ICSE '13},
	year = {2013},
	isbn = {978-1-4673-3076-3},
	location = {San Francisco, CA, USA},
	pages = {842--851},
	numpages = {10},
	url = {http://dl.acm.org/citation.cfm?id=2486788.2486898},
	acmid = {2486898},
	publisher = {IEEE Press},
	address = {Piscataway, NJ, USA},
} 

@article{Salton:1988:TAA:54259.54260,
	author = {Salton, Gerard and Buckley, Christopher},
	title = {Term-weighting Approaches in Automatic Text Retrieval},
	journal = {Inf. Process. Manage.},
	issue_date = {1988},
	volume = {24},
	number = {5},
	month = aug,
	year = {1988},
	issn = {0306-4573},
	pages = {513--523},
	numpages = {11},
	url = {http://dx.doi.org/10.1016/0306-4573(88)90021-0},
	doi = {10.1016/0306-4573(88)90021-0},
	acmid = {54260},
	publisher = {Pergamon Press, Inc.},
	address = {Tarrytown, NY, USA},
} 

@article{Unterkalmsteiner:2016:LIR:3023163.3023241,
	author = {Unterkalmsteiner, Michael and Gorschek, Tony and Feldt, Robert and Lavesson, Niklas},
	title = {Large-scale Information Retrieval in Software Engineering - an Experience Report from Industrial Application},
	journal = {Empirical Softw. Engg.},
	issue_date = {December  2016},
	volume = {21},
	number = {6},
	month = dec,
	year = {2016},
	issn = {1382-3256},
	pages = {2324--2365},
	numpages = {42},
	url = {https://doi.org/10.1007/s10664-015-9410-8},
	doi = {10.1007/s10664-015-9410-8},
	acmid = {3023241},
	publisher = {Kluwer Academic Publishers},
	address = {Hingham, MA, USA},
	keywords = {Data mining, Experiment, Information retrieval, Test case selection},
} 

@book{Fitting:1990:FLA:78167,
	author = {Fitting, Melvin},
	editor = {Gries, David},
	title = {First-order Logic and Automated Theorem Proving},
	year = {1990},
	isbn = {0-387-97233-1},
	publisher = {Springer-Verlag New York, Inc.},
	address = {New York, NY, USA},
} 


@inproceedings{deMarneffe:2008:STD:1608858.1608859,
	author = {de Marneffe, Marie-Catherine and Manning, Christopher D.},
	title = {The Stanford Typed Dependencies Representation},
	booktitle = {Coling 2008: Proceedings of the Workshop on Cross-Framework and Cross-Domain Parser Evaluation},
	series = {CrossParser '08},
	year = {2008},
	isbn = {978-1-905593-50-7},
	location = {Manchester, United Kingdom},
	pages = {1--8},
	numpages = {8},
	url = {http://dl.acm.org/citation.cfm?id=1608858.1608859},
	acmid = {1608859},
	publisher = {Association for Computational Linguistics},
	address = {Stroudsburg, PA, USA},
} 

@article{enck2014taintdroid,
	title={TaintDroid: an information-flow tracking system for realtime privacy monitoring on smartphones},
	author={Enck, William and Gilbert, Peter and Han, Seungyeop and Tendulkar, Vasant and Chun, Byung-Gon and Cox, Landon P and Jung, Jaeyeon and McDaniel, Patrick and Sheth, Anmol N},
	journal={ACM Transactions on Computer Systems (TOCS)},
	volume={32},
	number={2},
	pages={5},
	year={2014},
	publisher={ACM}
}

@inproceedings{egele2011pios,
	title={PiOS: Detecting Privacy Leaks in iOS Applications.},
	author={Egele, Manuel and Kruegel, Christopher and Kirda, Engin and Vigna, Giovanni},
	booktitle={NDSS},
	pages={177--183},
	year={2011}
}

@inproceedings{chakradeo2013mast,
	title={Mast: Triage for market-scale mobile malware analysis},
	author={Chakradeo, Saurabh and Reaves, Bradley and Traynor, Patrick and Enck, William},
	booktitle={Proceedings of the sixth ACM conference on Security and privacy in wireless and mobile networks},
	pages={13--24},
	year={2013},
	organization={ACM}
}

@inproceedings{felt2011survey,
	title={A survey of mobile malware in the wild},
	author={Felt, Adrienne Porter and Finifter, Matthew and Chin, Erika and Hanna, Steve and Wagner, David},
	booktitle={Proceedings of the 1st ACM workshop on Security and privacy in smartphones and mobile devices},
	pages={3--14},
	year={2011},
	organization={ACM}
}

@inproceedings{ramasubbu2007globally,
	title={Globally distributed software development project performance: an empirical analysis},
	author={Ramasubbu, Narayan and Balan, Rajesh Krishna},
	booktitle={Proceedings of the the 6th joint meeting of the European software engineering conference and the ACM SIGSOFT symposium on The foundations of software engineering},
	pages={125--134},
	year={2007},
	organization={ACM}
}

@inproceedings{espinosa2007gradations,
	title={Do gradations of time zone separation make a difference in performance? A first laboratory study},
	author={Espinosa, J Alberto and Nan, Ning and Carmel, Erran},
	booktitle={Global Software Engineering, 2007. ICGSE 2007. Second IEEE International Conference on},
	pages={12--22},
	year={2007},
	organization={IEEE}
}

@article{herbsleb2003empirical,
	title={An empirical study of speed and communication in globally distributed software development},
	author={Herbsleb, James D. and Mockus, Audris},
	journal={IEEE Transactions on software engineering},
	volume={29},
	number={6},
	pages={481--494},
	year={2003},
	publisher={IEEE}
}

@article{cummings2009crossing,
	title={Crossing spatial and temporal boundaries in globally distributed projects: A relational model of coordination delay},
	author={Cummings, Jonathon N and Espinosa, J Alberto and Pickering, Cynthia K},
	journal={Information Systems Research},
	volume={20},
	number={3},
	pages={420--439},
	year={2009},
	publisher={INFORMS}
}

@inproceedings{Cataldo:2008:SCF:1414004.1414008,
	author = {Cataldo, Marcelo and Herbsleb, James D. and Carley, Kathleen M.},
	title = {Socio-technical Congruence: A Framework for Assessing the Impact of Technical and Work Dependencies on Software Development Productivity},
	booktitle = {Proceedings of the Second ACM-IEEE International Symposium on Empirical Software Engineering and Measurement},
	series = {ESEM '08},
	year = {2008},
	isbn = {978-1-59593-971-5},
	location = {Kaiserslautern, Germany},
	pages = {2--11},
	numpages = {10},
	url = {http://doi.acm.org/10.1145/1414004.1414008},
	doi = {10.1145/1414004.1414008},
	acmid = {1414008},
	publisher = {ACM},
	address = {New York, NY, USA},
	keywords = {collaborative software development, coordination, software dependencies},
} 

@book{Carmel:1999:GST:293968,
	author = {Carmel, Erran},
	title = {Global Software Teams: Collaborating Across Borders and Time Zones},
	year = {1999},
	isbn = {0-13-924218-X},
	publisher = {Prentice Hall PTR},
	address = {Upper Saddle River, NJ, USA},
} 

@ARTICLE{Dempster77maximumlikelihood,
	author = {A. P. Dempster and N. M. Laird and D. B. Rubin},
	title = {Maximum likelihood from incomplete data via the EM algorithm},
	journal = {JOURNAL OF THE ROYAL STATISTICAL SOCIETY, SERIES B},
	year = {1977},
	volume = {39},
	number = {1},
	pages = {1--38}
}

@book{Rijsbergen:1979:IR:539927,
	author = {Rijsbergen, C. J. Van},
	title = {Information Retrieval},
	year = {1979},
	isbn = {0408709294},
	edition = {2nd},
	publisher = {Butterworth-Heinemann},
	address = {Newton, MA, USA},
} 

@inproceedings{Agrawal:1994:FAM:645920.672836,
	author = {Agrawal, Rakesh and Srikant, Ramakrishnan},
	title = {Fast Algorithms for Mining Association Rules in Large Databases},
	booktitle = {Proceedings of the 20th International Conference on Very Large Data Bases},
	series = {VLDB '94},
	year = {1994},
	isbn = {1-55860-153-8},
	pages = {487--499},
	numpages = {13},
	url = {http://dl.acm.org/citation.cfm?id=645920.672836},
	acmid = {672836},
	publisher = {Morgan Kaufmann Publishers Inc.},
	address = {San Francisco, CA, USA},
} 

@article{Datar:2002:MSS:586845.586959,
	author = {Datar, Mayur and Gionis, Aristides and Indyk, Piotr and Motwani, Rajeev},
	title = {Maintaining Stream Statistics over Sliding Windows},
	journal = {SIAM J. Comput.},
	issue_date = {2002},
	volume = {31},
	number = {6},
	month = jun,
	year = {2002},
	issn = {0097-5397},
	pages = {1794--1813},
	numpages = {20},
	url = {http://dx.doi.org/10.1137/S0097539701398363},
	doi = {10.1137/S0097539701398363},
	acmid = {586959},
	publisher = {Society for Industrial and Applied Mathematics},
	address = {Philadelphia, PA, USA},
	keywords = {approximation algorithms, data streams, sliding windows, statistics},
} 

@book{Dasu:2003:EDM:861869,
	author = {Dasu, Tamraparni and Johnson, Theodore},
	title = {Exploratory Data Mining and Data Cleaning},
	year = {2003},
	isbn = {0471268518},
	edition = {1},
	publisher = {John Wiley \& Sons, Inc.},
	address = {New York, NY, USA},
}

@inproceedings{Cubranic:2003:HRP:776816.776866,
	author = {\v{C}ubrani\'{c}, Davor and Murphy, Gail C.},
	title = {Hipikat: Recommending Pertinent Software Development Artifacts},
	booktitle = {Proceedings of the 25th International Conference on Software Engineering},
	series = {ICSE '03},
	year = {2003},
	isbn = {0-7695-1877-X},
	location = {Portland, Oregon},
	pages = {408--418},
	numpages = {11},
	url = {http://dl.acm.org/citation.cfm?id=776816.776866},
	acmid = {776866},
	publisher = {IEEE Computer Society},
	address = {Washington, DC, USA},
} 

@TECHREPORT{Gall98detectionof,
	author = {Harald Gall and Karin Hajek and Mehdi Jazayeri},
	title = {Detection of Logical Coupling Based on Product Release History},
	institution = {},
	year = {1998}
}

@MISC{Ball97ifyour,
	author = {Thomas Ball and Jung-min Kim and Adam A. Porter and Harvey P. Siy},
	title = { If Your Version Control System Could Talk...},
	year = {1997}
}

@book{Han:2005:DMC:1076797,
	author = {Han, Jiawei},
	title = {Data Mining: Concepts and Techniques},
	year = {2005},
	isbn = {1558609016},
	publisher = {Morgan Kaufmann Publishers Inc.},
	address = {San Francisco, CA, USA},
} 

@inproceedings{Pandita:2013:WTA:2534766.2534812,
	author = {Pandita, Rahul and Xiao, Xusheng and Yang, Wei and Enck, William and Xie, Tao},
	title = {WHYPER: Towards Automating Risk Assessment of Mobile Applications},
	booktitle = {Proceedings of the 22Nd USENIX Conference on Security},
	series = {SEC'13},
	year = {2013},
	isbn = {978-1-931971-03-4},
	location = {Washington, D.C.},
	pages = {527--542},
	numpages = {16},
	url = {http://dl.acm.org/citation.cfm?id=2534766.2534812},
	acmid = {2534812},
	publisher = {USENIX Association},
	address = {Berkeley, CA, USA},
}

@inproceedings{Ramasubbu:2011:CGS:1985793.1985830,
	author = {Ramasubbu, Narayan and Cataldo, Marcelo and Balan, Rajesh Krishna and Herbsleb, James D.},
	title = {Configuring Global Software Teams: A Multi-company Analysis of Project Productivity, Quality, and Profits},
	booktitle = {Proceedings of the 33rd International Conference on Software Engineering},
	series = {ICSE '11},
	year = {2011},
	isbn = {978-1-4503-0445-0},
	location = {Waikiki, Honolulu, HI, USA},
	pages = {261--270},
	numpages = {10},
	url = {http://doi.acm.org/10.1145/1985793.1985830},
	doi = {10.1145/1985793.1985830},
	acmid = {1985830},
	publisher = {ACM},
	address = {New York, NY, USA},
	keywords = {empirical analysis, globally distributed software development, quality management, software engineering economics},
} 


@inproceedings{Zimmermann:2004:MVH:998675.999460,
	author = {Zimmermann, Thomas and Weisgerber, Peter and Diehl, Stephan and Zeller, Andreas},
	title = {Mining Version Histories to Guide Software Changes},
	booktitle = {Proceedings of the 26th International Conference on Software Engineering},
	series = {ICSE '04},
	year = {2004},
	isbn = {0-7695-2163-0},
	pages = {563--572},
	numpages = {10},
	url = {http://dl.acm.org/citation.cfm?id=998675.999460},
	acmid = {999460},
	publisher = {IEEE Computer Society},
	address = {Washington, DC, USA},
} 

@inproceedings{Enck:2009:LMP:1653662.1653691,
	author = {Enck, William and Ongtang, Machigar and McDaniel, Patrick},
	title = {On Lightweight Mobile Phone Application Certification},
	booktitle = {Proceedings of the 16th ACM Conference on Computer and Communications Security},
	series = {CCS '09},
	year = {2009},
	isbn = {978-1-60558-894-0},
	location = {Chicago, Illinois, USA},
	pages = {235--245},
	numpages = {11},
	url = {http://doi.acm.org/10.1145/1653662.1653691},
	doi = {10.1145/1653662.1653691},
	acmid = {1653691},
	publisher = {ACM},
	address = {New York, NY, USA},
	keywords = {android, malware, mobile phone security},
}

@inproceedings{Zhou:2012:DAM:2310656.2310710,
	author = {Zhou, Yajin and Jiang, Xuxian},
	title = {Dissecting Android Malware: Characterization and Evolution},
	booktitle = {Proceedings of the 2012 IEEE Symposium on Security and Privacy},
	series = {SP '12},
	year = {2012},
	isbn = {978-0-7695-4681-0},
	pages = {95--109},
	numpages = {15},
	url = {http://dx.doi.org/10.1109/SP.2012.16},
	doi = {10.1109/SP.2012.16},
	acmid = {2310710},
	publisher = {IEEE Computer Society},
	address = {Washington, DC, USA},
	keywords = {Android malware, smartphone security},
} 

@inproceedings{Rastogi:2013:DEA:2484313.2484355,
	author = {Rastogi, Vaibhav and Chen, Yan and Jiang, Xuxian},
	title = {DroidChameleon: Evaluating Android Anti-malware Against Transformation Attacks},
	booktitle = {Proceedings of the 8th ACM SIGSAC Symposium on Information, Computer and Communications Security},
	series = {ASIA CCS '13},
	year = {2013},
	isbn = {978-1-4503-1767-2},
	location = {Hangzhou, China},
	pages = {329--334},
	numpages = {6},
	url = {http://doi.acm.org/10.1145/2484313.2484355},
	doi = {10.1145/2484313.2484355},
	acmid = {2484355},
	publisher = {ACM},
	address = {New York, NY, USA},
	keywords = {android, anti-malware, malware, mobile},
} 

@inproceedings{Griffin:2009:AGS:1691138.1691146,
	author = {Griffin, Kent and Schneider, Scott and Hu, Xin and Chiueh, Tzi-Cker},
	title = {Automatic Generation of String Signatures for Malware Detection},
	booktitle = {Proceedings of the 12th International Symposium on Recent Advances in Intrusion Detection},
	series = {RAID '09},
	year = {2009},
	isbn = {978-3-642-04341-3},
	location = {Saint-Malo, France},
	pages = {101--120},
	numpages = {20},
	url = {http://dx.doi.org/10.1007/978-3-642-04342-0_6},
	doi = {10.1007/978-3-642-04342-0_6},
	acmid = {1691146},
	publisher = {Springer-Verlag},
	address = {Berlin, Heidelberg},
	keywords = {Markov model, diversity-based heuristics, library function identification, malware signatures, signature generation},
} 

@MISC{Fuchs_scandroid:automated,
	author = {Adam P. Fuchs and Avik Chaudhuri and Jeffrey S. Foster},
	title = {SCanDroid: Automated Security Certification of Android Applications},
	year = {}
}

@inproceedings{Kalkov:2012:REA:2388936.2388955,
	author = {Kalkov, Igor and Franke, Dominik and Schommer, John F. and Kowalewski, Stefan},
	title = {A Real-time Extension to the Android Platform},
	booktitle = {Proceedings of the 10th International Workshop on Java Technologies for Real-time and Embedded Systems},
	series = {JTRES '12},
	year = {2012},
	isbn = {978-1-4503-1688-0},
	location = {Copenhagen, Denmark},
	pages = {105--114},
	numpages = {10},
	url = {http://doi.acm.org/10.1145/2388936.2388955},
	doi = {10.1145/2388936.2388955},
	acmid = {2388955},
	publisher = {ACM},
	address = {New York, NY, USA},
	keywords = {Android, Dalvik VM, garbage collection, real-time},
} 


@inproceedings{Schwartz:2010:YEW:1849417.1849981,
	author = {Schwartz, Edward J. and Avgerinos, Thanassis and Brumley, David},
	title = {All You Ever Wanted to Know About Dynamic Taint Analysis and Forward Symbolic Execution (but Might Have Been Afraid to Ask)},
	booktitle = {Proceedings of the 2010 IEEE Symposium on Security and Privacy},
	series = {SP '10},
	year = {2010},
	isbn = {978-0-7695-4035-1},
	pages = {317--331},
	numpages = {15},
	url = {http://dx.doi.org/10.1109/SP.2010.26},
	doi = {10.1109/SP.2010.26},
	acmid = {1849981},
	publisher = {IEEE Computer Society},
	address = {Washington, DC, USA},
	keywords = {taint analysis, symbolic execution, dynamic analysis},
} 

@inproceedings{Chow:2004:UDL:1251375.1251397,
	author = {Chow, Jim and Pfaff, Ben and Garfinkel, Tal and Christopher, Kevin and Rosenblum, Mendel},
	title = {Understanding Data Lifetime via Whole System Simulation},
	booktitle = {Proceedings of the 13th Conference on USENIX Security Symposium - Volume 13},
	series = {SSYM'04},
	year = {2004},
	location = {San Diego, CA},
	pages = {22--22},
	numpages = {1},
	url = {http://dl.acm.org/citation.cfm?id=1251375.1251397},
	acmid = {1251397},
	publisher = {USENIX Association},
	address = {Berkeley, CA, USA},
} 

@book{Nissenbaum:2009:PCT:1822585,
	author = {Nissenbaum, Helen},
	title = {Privacy in Context: Technology, Policy, and the Integrity of Social Life},
	year = {2009},
	isbn = {0804752370, 9780804752374},
	publisher = {Stanford University Press},
	address = {Stanford, CA, USA},
} 

@inproceedings{Zhou:2015:HUS:2714576.2714598,
	author = {Zhou, Yajin and Patel, Kunal and Wu, Lei and Wang, Zhi and Jiang, Xuxian},
	title = {Hybrid User-level Sandboxing of Third-party Android Apps},
	booktitle = {Proceedings of the 10th ACM Symposium on Information, Computer and Communications Security},
	series = {ASIA CCS '15},
	year = {2015},
	isbn = {978-1-4503-3245-3},
	location = {Singapore, Republic of Singapore},
	pages = {19--30},
	numpages = {12},
	url = {http://doi.acm.org/10.1145/2714576.2714598},
	doi = {10.1145/2714576.2714598},
	acmid = {2714598},
	publisher = {ACM},
	address = {New York, NY, USA},
	keywords = {android, dalvik hooking, software fault isolation},
} 

@inproceedings{Yin:2007:PCS:1315245.1315261,
	author = {Yin, Heng and Song, Dawn and Egele, Manuel and Kruegel, Christopher and Kirda, Engin},
	title = {Panorama: Capturing System-wide Information Flow for Malware Detection and Analysis},
	booktitle = {Proceedings of the 14th ACM Conference on Computer and Communications Security},
	series = {CCS '07},
	year = {2007},
	isbn = {978-1-59593-703-2},
	location = {Alexandria, Virginia, USA},
	pages = {116--127},
	numpages = {12},
	url = {http://doi.acm.org/10.1145/1315245.1315261},
	doi = {10.1145/1315245.1315261},
	acmid = {1315261},
	publisher = {ACM},
	address = {New York, NY, USA},
	keywords = {dynamic taint analysis, malware analysis, malware detection, spyware},
} 

@book{Mather:2009:CSP:1594881,
	author = {Mather, Tim and Kumaraswamy, Subra and Latif, Shahed},
	title = {Cloud Security and Privacy: An Enterprise Perspective on Risks and Compliance},
	year = {2009},
	isbn = {0596802765, 9780596802769},
	publisher = {O'Reilly Media, Inc.},
} 


@inproceedings{Feng:2014:ASD:2635868.2635869,
	author = {Feng, Yu and Anand, Saswat and Dillig, Isil and Aiken, Alex},
	title = {Apposcopy: Semantics-based Detection of Android Malware Through Static Analysis},
	booktitle = {Proceedings of the 22Nd ACM SIGSOFT International Symposium on Foundations of Software Engineering},
	series = {FSE 2014},
	year = {2014},
	isbn = {978-1-4503-3056-5},
	location = {Hong Kong, China},
	pages = {576--587},
	numpages = {12},
	url = {http://doi.acm.org/10.1145/2635868.2635869},
	doi = {10.1145/2635868.2635869},
	acmid = {2635869},
	publisher = {ACM},
	address = {New York, NY, USA},
	keywords = {Android, Inter-component Call Graph, Taint Analysis},
} 

@inproceedings{Enck:2010:TIT:1924943.1924971,
	author = {Enck, William and Gilbert, Peter and Chun, Byung-Gon and Cox, Landon P. and Jung, Jaeyeon and McDaniel, Patrick and Sheth, Anmol N.},
	title = {TaintDroid: An Information-flow Tracking System for Realtime Privacy Monitoring on Smartphones},
	booktitle = {Proceedings of the 9th USENIX Conference on Operating Systems Design and Implementation},
	series = {OSDI'10},
	year = {2010},
	location = {Vancouver, BC, Canada},
	pages = {393--407},
	numpages = {15},
	url = {http://dl.acm.org/citation.cfm?id=1924943.1924971},
	acmid = {1924971},
	publisher = {USENIX Association},
	address = {Berkeley, CA, USA},
} 

@book{Larose:2004:DKD:993597,
 author = {Larose, Daniel T.},
 title = {Discovering Knowledge in Data: An Introduction to Data Mining},
 year = {2004},
 isbn = {0471666572},
 publisher = {Wiley-Interscience}
} 

@book{Gurney:1997:INN:523781,
 author = {Gurney, Kevin},
 title = {An  Introduction to Neural Networks},
 year = {1997},
 isbn = {1857286731},
 publisher = {Taylor \& Francis, Inc.},
 address = {Bristol, PA, USA}
} 

@book{Trippi:1992:NNF:573193,
 editor = {Trippi, Robert R. and Turban, Efraim},
 title = {Neural Networks in Finance and Investing: Using Artificial Intelligence to Improve Real World Performance},
 year = {1992},
 isbn = {1557384525},
 publisher = {McGraw-Hill, Inc.},
 address = {New York, NY, USA}
} 

@phdthesis{Poh:1991:NNA:124806,
 author = {Poh, Hean Lee},
 title = {A Neural Network Approach for Marketing Strategies Research and Decision Support},
 year = {1991},
 note = {UMI Order No.GAX91-22576},
 publisher = {Stanford University},
 address = {Stanford, CA, USA}
} 